%% This BibTeX bibliography file was created using BibDesk.
%% http://bibdesk.sourceforge.net/


%% Created for Matthias Geissb√ºhler at 2011-03-21 13:46:46 +0100 


%% Saved with string encoding Unicode (UTF-8) 


@ARTICLE{2014MNRAS.440.2290M,
   author = {{Martizzi}, D. and {Mohammed}, I. and {Teyssier}, R. and {Moore}, B.
	},
    title = "{The biasing of baryons on the cluster mass function and cosmological parameter estimation}",
  journal = {\mnras},
archivePrefix = "arXiv",
   eprint = {1307.6002},
 primaryClass = "astro-ph.CO",
 keywords = {black hole physics, methods: numerical, galaxies: clusters: general, galaxies: formation, cosmology: theory, large-scale structure of Universe},
     year = 2014,
    month = may,
   volume = 440,
    pages = {2290-2299},
      doi = {10.1093/mnras/stu440},
   adsurl = {http://adsabs.harvard.edu/abs/2014MNRAS.440.2290M},
  adsnote = {Provided by the SAO/NASA Astrophysics Data System}
}


@ARTICLE{2014MNRAS.439.2651M,
   author = {{Mohammed}, I. and {Liesenborgs}, J. and {Saha}, P. and {Williams}, L.~L.~R.
	},
    title = "{Mass-galaxy offsets in Abell 3827, 2218 and 1689: intrinsic properties or line-of-sight substructures?}",
  journal = {\mnras},
archivePrefix = "arXiv",
   eprint = {1402.4217},
 primaryClass = "astro-ph.CO",
 keywords = {gravitational lensing: strong, galaxies: clusters: individual: Abell 1689, galaxies: clusters: individual: Abell 2218, galaxies: clusters: individual: Abell 3827, galaxies: haloes},
     year = 2014,
    month = apr,
   volume = 439,
    pages = {2651-2661},
      doi = {10.1093/mnras/stu124},
   adsurl = {http://adsabs.harvard.edu/abs/2014MNRAS.439.2651M},
  adsnote = {Provided by the SAO/NASA Astrophysics Data System}
}


@ARTICLE{2014A&A...567A..65B,
   author = {{Borm}, K. and {Reiprich}, T.~H. and {Mohammed}, I. and {Lovisari}, L.
	},
    title = "{Constraining galaxy cluster temperatures and redshifts with eROSITA survey data}",
  journal = {\aap},
archivePrefix = "arXiv",
   eprint = {1404.5312},
 keywords = {X-rays: galaxies: clusters, galaxies: clusters: general, large-scale structure of Universe, methods: statistical},
     year = 2014,
    month = jul,
   volume = 567,
      eid = {A65},
    pages = {A65},
      doi = {10.1051/0004-6361/201322643},
   adsurl = {http://adsabs.harvard.edu/abs/2014A%26A...567A..65B},
  adsnote = {Provided by the SAO/NASA Astrophysics Data System}
}

@ARTICLE{2014MNRAS.445.3382M,
   author = {{Mohammed}, I. and {Seljak}, U.},
    title = "{Analytic model for the matter power spectrum, its covariance matrix and baryonic effects}",
  journal = {\mnras},
archivePrefix = "arXiv",
   eprint = {1407.0060},
 keywords = {neutrinos, methods: analytical, galaxies: haloes, galaxies: statistics, cosmological parameters, large scale structures of Universe},
     year = 2014,
    month = dec,
   volume = 445,
    pages = {3382-3400},
      doi = {10.1093/mnras/stu1972},
   adsurl = {http://adsabs.harvard.edu/abs/2014MNRAS.445.3382M},
  adsnote = {Provided by the SAO/NASA Astrophysics Data System}
}


@ARTICLE{2014arXiv1410.6826M,
   author = {{Mohammed}, I. and {Martizzi}, D. and {Teyssier}, R. and {Amara}, A.
	},
    title = "{Baryonic effects on weak-lensing two-point statistics and its cosmological implications}",
  journal = {ArXiv e-prints},
archivePrefix = "arXiv",
   eprint = {1410.6826},
 keywords = {Astrophysics - Cosmology and Nongalactic Astrophysics},
     year = 2014,
    month = oct,
   adsurl = {http://adsabs.harvard.edu/abs/2014arXiv1410.6826M},
  adsnote = {Provided by the SAO/NASA Astrophysics Data System}
}


@ARTICLE{2015PASJ...67...21M,
   author = {{Mohammed}, I. and {Saha}, P. and {Liesenborgs}, J.},
    title = "{Lensing time delays as a substructure constraint: a case study with the cluster SDSS J1004+4112}",
  journal = {\pasj},
archivePrefix = "arXiv",
   eprint = {1412.3464},
 keywords = {galaxies: clusters: individual (SDSS J1004+4112), gravitational lensing: strong},
     year = 2015,
    month = apr,
   volume = 67,
      eid = {21},
    pages = {21},
      doi = {10.1093/pasj/psu155},
   adsurl = {http://adsabs.harvard.edu/abs/2015PASJ...67...21M},
  adsnote = {Provided by the SAO/NASA Astrophysics Data System}
}


@ARTICLE{2015arXiv150403388M,
   author = {{Massey}, R. and {Williams}, L. and {Smit}, R. and {Swinbank}, M. and 
	{Kitching}, T. and {Harvey}, D. and {Jauzac}, M. and {Israel}, H. and 
	{Clowe}, D. and {Edge}, A. and {Hilton}, M. and {Jullo}, E. and 
	{Leonard}, A. and {Liesenborgs}, J. and {Merten}, J. and {Mohammed}, I. and 
	{Nagai}, D. and {Richard}, J. and {Robertson}, A. and {Saha}, P. and 
	{Santana}, R. and {Stott}, J. and {Tittley}, E.},
    title = "{The behaviour of dark matter associated with 4 bright cluster galaxies in the 10kpc core of Abell 3827}",
  journal = {ArXiv e-prints},
archivePrefix = "arXiv",
   eprint = {1504.03388},
 keywords = {Astrophysics - Cosmology and Nongalactic Astrophysics, Astrophysics - Astrophysics of Galaxies, High Energy Physics - Phenomenology},
     year = 2015,
    month = apr,
   adsurl = {http://adsabs.harvard.edu/abs/2015arXiv150403388M},
  adsnote = {Provided by the SAO/NASA Astrophysics Data System}
}

@BOOK{1992grle.book.....S,
   author = {{Schneider}, P. and {Ehlers}, J. and {Falco}, E.~E.},
    title = "{Gravitational Lenses}",
 keywords = {EXTRAGALACTIC COSMOLOGY, EXTRAGALAKTISCHE KOSMOLOGIE, GEOMETRICAL OPTICS, GEOMETRISCHE OPTIK, GRAVITATION, GRAVITATION, GRAVITATIONAL LENSING, GRAVITATIONSLINSEN, QUASARE, QUASARS, REDSHIFT, ROTVERSCHIEBUNG, GRAVITATIONAL LENSES},
booktitle = {Gravitational Lenses, XIV, 560 pp.~112 figs..~Springer-Verlag Berlin Heidelberg New York.~ Also Astronomy and Astrophysics Library},
     year = 1992,
   adsurl = {http://adsabs.harvard.edu/abs/1992grle.book.....S},
  adsnote = {Provided by the SAO/NASA Astrophysics Data System}
}

@BOOK{2001stgl.book.....P,
   author = {{Petters}, A.~O. and {Levine}, H. and {Wambsganss}, J.},
    title = "{Singularity theory and gravitational lensing}",
booktitle = {Singularity theory and gravitational lensing / Arlie O.~Petters, Harold Levine, Joachim Wambsganss.~Boston : Birkh{\"a}user, c2001.~(Progress in mathematical physics ; v.~21)},
     year = 2001,
   adsurl = {http://adsabs.harvard.edu/abs/2001stgl.book.....P},
  adsnote = {Provided by the SAO/NASA Astrophysics Data System}
}


@PROCEEDINGS{2006glsw.conf.....M,
    title = "{Gravitational Lensing: Strong, Weak and Micro}",
 keywords = {Gravitational Lensing, Microlensing, Cosmology},
booktitle = {Saas-Fee Advanced Course 33: Gravitational Lensing: Strong, Weak and Micro},
     year = 2006,
   eprint = {astro-ph/0407232},
   editor = {{Meylan}, G. and {Jetzer}, P. and {North}, P. and {Schneider}, P. and 
  {Kochanek}, C.~S. and {Wambsganss}, J.},
   adsurl = {http://adsabs.harvard.edu/abs/2006glsw.conf.....M},
  adsnote = {Provided by the SAO/NASA Astrophysics Data System}
}

@ARTICLE{1979Natur.279..381W,
   author = {{Walsh}, D. and {Carswell}, R.~F. and {Weymann}, R.~J.},
    title = "{0957 + 561 A, B - Twin quasistellar objects or gravitational lens}",
  journal = {\nat},
 keywords = {Emission Spectra, Gravitational Lenses, Quasars, Stellar Spectra, Absorption Spectra, Radio Spectroscopy, Spectrum Analysis},
     year = 1979,
    month = may,
   volume = 279,
    pages = {381-384},
      doi = {10.1038/279381a0},
   adsurl = {http://adsabs.harvard.edu/abs/1979Natur.279..381W},
  adsnote = {Provided by the SAO/NASA Astrophysics Data System}
}


@ARTICLE{1980Natur.285..641W,
   author = {{Weymann}, R.~J. and {Latham}, D. and {Roger}, J. and {Angel}, P. and 
  {Green}, R.~F. and {Liebert}, J.~W. and {Turnshek}, D.~A. and 
  {Turnshek}, D.~E. and {Tyson}, J.~A.},
    title = "{The triple QSO PG1115+08 - Another probable gravitational lens}",
  journal = {\nat},
 keywords = {Astronomical Spectroscopy, Gravitational Lenses, Quasars, Emission Spectra, Image Tubes, Spectral Line Width},
     year = 1980,
    month = jun,
   volume = 285,
    pages = {641-643},
      doi = {10.1038/285641a0},
   adsurl = {http://adsabs.harvard.edu/abs/1980Natur.285..641W},
  adsnote = {Provided by the SAO/NASA Astrophysics Data System}
}

@ARTICLE{1988Natur.333..537H,
   author = {{Hewitt}, J.~N. and {Turner}, E.~L. and {Schneider}, D.~P. and 
  {Burke}, B.~F. and {Langston}, G.~I.},
    title = "{Unusual radio source MG1131+0456 - A possible Einstein ring}",
  journal = {\nat},
 keywords = {Extragalactic Radio Sources, Gravitational Lenses, Radio Galaxies, Gravitational Fields, Infrared Sources (Astronomy), Very Large Array (Vla)},
     year = 1988,
    month = jun,
   volume = 333,
    pages = {537-540},
      doi = {10.1038/333537a0},
   adsurl = {http://adsabs.harvard.edu/abs/1988Natur.333..537H},
  adsnote = {Provided by the SAO/NASA Astrophysics Data System}
}


@ARTICLE{1990ApJ...349L...1T,
   author = {{Tyson}, J.~A. and {Wenk}, R.~A. and {Valdes}, F.},
    title = "{Detection of systematic gravitational lens galaxy image alignments - Mapping dark matter in galaxy clusters}",
  journal = {\apjl},
 keywords = {Dark Matter, Galactic Clusters, Gravitational Lenses, Brightness Distribution, Charge Coupled Devices, Faint Objects, Red Shift, Spatial Distribution},
     year = 1990,
    month = jan,
   volume = 349,
    pages = {L1-L4},
      doi = {10.1086/185636},
   adsurl = {http://adsabs.harvard.edu/abs/1990ApJ...349L...1T},
  adsnote = {Provided by the SAO/NASA Astrophysics Data System}
}


@ARTICLE{1993ApJ...404..441K,
   author = {{Kaiser}, N. and {Squires}, G.},
    title = "{Mapping the dark matter with weak gravitational lensing}",
  journal = {\apj},
 keywords = {Cosmology, Dark Matter, Galactic Clusters, Gravitational Lenses, Ellipticity, Galactic Mass, Mass Distribution},
     year = 1993,
    month = feb,
   volume = 404,
    pages = {441-450},
      doi = {10.1086/172297},
   adsurl = {http://adsabs.harvard.edu/abs/1993ApJ...404..441K},
  adsnote = {Provided by the SAO/NASA Astrophysics Data System}
}


@ARTICLE{1991MNRAS.251..600B,
   author = {{Blandford}, R.~D. and {Saust}, A.~B. and {Brainerd}, T.~G. and 
  {Villumsen}, J.~V.},
    title = "{The distortion of distant galaxy images by large-scale structure}",
  journal = {\mnras},
 keywords = {Astronomical Polarimetry, Cosmology, Faint Objects, Galactic Clusters, Elliptical Galaxies, Image Resolution, Seeing (Astronomy)},
     year = 1991,
    month = aug,
   volume = 251,
    pages = {600-627},
   adsurl = {http://adsabs.harvard.edu/abs/1991MNRAS.251..600B},
  adsnote = {Provided by the SAO/NASA Astrophysics Data System}
}


@ARTICLE{2015arXiv150201589P,
   author = {{Planck Collaboration} and {Ade}, P.~A.~R. and {Aghanim}, N. and 
  {Arnaud}, M. and {Ashdown}, M. and {Aumont}, J. and {Baccigalupi}, C. and 
  {Banday}, A.~J. and {Barreiro}, R.~B. and {Bartlett}, J.~G. and et al.},
    title = "{Planck 2015 results. XIII. Cosmological parameters}",
  journal = {ArXiv e-prints},
archivePrefix = "arXiv",
   eprint = {1502.01589},
 keywords = {Astrophysics - Cosmology and Nongalactic Astrophysics},
     year = 2015,
    month = feb,
   adsurl = {http://adsabs.harvard.edu/abs/2015arXiv150201589P},
  adsnote = {Provided by the SAO/NASA Astrophysics Data System}
}

@ARTICLE{2015arXiv150202114P,
   author = {{Planck Collaboration} and {Ade}, P.~A.~R. and {Aghanim}, N. and 
  {Arnaud}, M. and {Arroja}, F. and {Ashdown}, M. and {Aumont}, J. and 
  {Baccigalupi}, C. and {Ballardini}, M. and {Banday}, A.~J. and et al.},
    title = "{Planck 2015 results. XX. Constraints on inflation}",
  journal = {ArXiv e-prints},
archivePrefix = "arXiv",
   eprint = {1502.02114},
 keywords = {Astrophysics - Cosmology and Nongalactic Astrophysics},
     year = 2015,
    month = feb,
   adsurl = {http://adsabs.harvard.edu/abs/2015arXiv150202114P},
  adsnote = {Provided by the SAO/NASA Astrophysics Data System}
}


@ARTICLE{2015arXiv150100963A,
   author = {{Alam}, S. and {Albareti}, F.~D. and {Allende Prieto}, C. and 
  {Anders}, F. and {Anderson}, S.~F. and {Andrews}, B.~H. and 
  {Armengaud}, E. and {Aubourg}, {\'E}. and {Bailey}, S. and {Bautista}, J.~E. and et al.},
    title = "{The Eleventh and Twelfth Data Releases of the Sloan Digital Sky Survey: Final Data from SDSS-III}",
  journal = {ArXiv e-prints},
archivePrefix = "arXiv",
   eprint = {1501.00963},
 primaryClass = "astro-ph.IM",
 keywords = {Astrophysics - Instrumentation and Methods for Astrophysics, Astrophysics - Astrophysics of Galaxies, Astrophysics - Solar and Stellar Astrophysics},
     year = 2015,
    month = jan,
   adsurl = {http://adsabs.harvard.edu/abs/2015arXiv150100963A},
  adsnote = {Provided by the SAO/NASA Astrophysics Data System}
}


@ARTICLE{2012ApJS..203...21A,
   author = {{Ahn}, C.~P. and {Alexandroff}, R. and {Allende Prieto}, C. and 
  {Anderson}, S.~F. and {Anderton}, T. and {Andrews}, B.~H. and 
  {Aubourg}, {\'E}. and {Bailey}, S. and {Balbinot}, E. and {Barnes}, R. and et al.},
    title = "{The Ninth Data Release of the Sloan Digital Sky Survey: First Spectroscopic Data from the SDSS-III Baryon Oscillation Spectroscopic Survey}",
  journal = {\apjs},
archivePrefix = "arXiv",
   eprint = {1207.7137},
 primaryClass = "astro-ph.IM",
 keywords = {atlases, catalogs, surveys },
     year = 2012,
    month = dec,
   volume = 203,
      eid = {21},
    pages = {21},
      doi = {10.1088/0067-0049/203/2/21},
   adsurl = {http://adsabs.harvard.edu/abs/2012ApJS..203...21A},
  adsnote = {Provided by the SAO/NASA Astrophysics Data System}
}

@ARTICLE{2011A&A...536A..19P,
   author = {{Planck Collaboration} and {Ade}, P.~A.~R. and {Aghanim}, N. and 
  {Arnaud}, M. and {Ashdown}, M. and {Aumont}, J. and {Baccigalupi}, C. and 
  {Balbi}, A. and {Banday}, A.~J. and {Barreiro}, R.~B. and et al.},
    title = "{Planck early results. XIX. All-sky temperature and dust optical depth from Planck and IRAS. Constraints on the ''dark gas'' in our Galaxy}",
  journal = {\aap},
archivePrefix = "arXiv",
   eprint = {1101.2029},
 keywords = {dust, extinction, ISM: clouds, evolution, solar neighborhood, Galaxy: general, submillimeter: ISM},
     year = 2011,
    month = dec,
   volume = 536,
      eid = {A19},
    pages = {A19},
      doi = {10.1051/0004-6361/201116479},
   adsurl = {http://adsabs.harvard.edu/abs/2011A%26A...536A..19P},
  adsnote = {Provided by the SAO/NASA Astrophysics Data System}
}


@ARTICLE{1993ApJ...405L...5B,
   author = {{Branch}, D. and {Miller}, D.~L.},
    title = "{Type IA supernovae as standard candles}",
  journal = {\apjl},
 keywords = {Blue Stars, Distance, Interstellar Extinction, Standards, Stellar Magnitude, Supernovae, Dispersion, Hubble Constant, Stellar Color, Stellar Spectra},
     year = 1993,
    month = mar,
   volume = 405,
    pages = {L5-L8},
      doi = {10.1086/186752},
   adsurl = {http://adsabs.harvard.edu/abs/1993ApJ...405L...5B},
  adsnote = {Provided by the SAO/NASA Astrophysics Data System}
}

@INPROCEEDINGS{2007AIPC..924..330D,
   author = {{Davis}, T.~M. and {James}, J.~B. and {Schmidt}, B.~P. and {Kim}, A.~G.
  },
    title = "{Type Ia supernova diversity: Standardizing the candles}",
 keywords = {Supernovae, Dark energy},
booktitle = {The Multicolored Landscape of Compact Objects and Their Explosive Origins},
     year = 2007,
   series = {American Institute of Physics Conference Series},
   volume = 924,
   eprint = {astro-ph/0701904},
   editor = {{di Salvo}, T. and {Israel}, G.~L. and {Piersant}, L. and {Burderi}, L. and 
  {Matt}, G. and {Tornambe}, A. and {Menna}, M.~T.},
    month = aug,
    pages = {330-335},
      doi = {10.1063/1.2774877},
   adsurl = {http://adsabs.harvard.edu/abs/2007AIPC..924..330D},
  adsnote = {Provided by the SAO/NASA Astrophysics Data System}
}

@ARTICLE{1999ApJ...517..565P,
   author = {{Perlmutter}, S. and {Aldering}, G. and {Goldhaber}, G. and 
  {Knop}, R.~A. and {Nugent}, P. and {Castro}, P.~G. and {Deustua}, S. and 
  {Fabbro}, S. and {Goobar}, A. and {Groom}, D.~E. and {Hook}, I.~M. and 
  {Kim}, A.~G. and {Kim}, M.~Y. and {Lee}, J.~C. and {Nunes}, N.~J. and 
  {Pain}, R. and {Pennypacker}, C.~R. and {Quimby}, R. and {Lidman}, C. and 
  {Ellis}, R.~S. and {Irwin}, M. and {McMahon}, R.~G. and {Ruiz-Lapuente}, P. and 
  {Walton}, N. and {Schaefer}, B. and {Boyle}, B.~J. and {Filippenko}, A.~V. and 
  {Matheson}, T. and {Fruchter}, A.~S. and {Panagia}, N. and {Newberg}, H.~J.~M. and 
  {Couch}, W.~J. and {Project}, T.~S.~C.},
    title = "{Measurements of {$\Omega$} and {$\Lambda$} from 42 High-Redshift Supernovae}",
  journal = {\apj},
   eprint = {astro-ph/9812133},
 keywords = {COSMOLOGY: OBSERVATIONS, COSMOLOGY: DISTANCE SCALE, STARS: SUPERNOVAE: GENERAL, Cosmology: Observations, Cosmology: Distance Scale, Stars: Supernovae: General},
     year = 1999,
    month = jun,
   volume = 517,
    pages = {565-586},
      doi = {10.1086/307221},
   adsurl = {http://adsabs.harvard.edu/abs/1999ApJ...517..565P},
  adsnote = {Provided by the SAO/NASA Astrophysics Data System}
}

@ARTICLE{1998ApJ...507...46S,
   author = {{Schmidt}, B.~P. and {Suntzeff}, N.~B. and {Phillips}, M.~M. and 
  {Schommer}, R.~A. and {Clocchiatti}, A. and {Kirshner}, R.~P. and 
  {Garnavich}, P. and {Challis}, P. and {Leibundgut}, B. and {Spyromilio}, J. and 
  {Riess}, A.~G. and {Filippenko}, A.~V. and {Hamuy}, M. and {Smith}, R.~C. and 
  {Hogan}, C. and {Stubbs}, C. and {Diercks}, A. and {Reiss}, D. and 
  {Gilliland}, R. and {Tonry}, J. and {Maza}, J. and {Dressler}, A. and 
  {Walsh}, J. and {Ciardullo}, R.},
    title = "{The High-Z Supernova Search: Measuring Cosmic Deceleration and Global Curvature of the Universe Using Type IA Supernovae}",
  journal = {\apj},
   eprint = {astro-ph/9805200},
 keywords = {COSMOLOGY: OBSERVATIONS, GALAXIES: DISTANCES AND REDSHIFTS, STARS: SUPERNOVAE: GENERAL, STARS: SUPERNOVAE: INDIVIDUAL: ALPHANUMERIC: SN 1995K, Cosmology: Observations, Galaxies: Distances and Redshifts, Stars: Supernovae: General, Stars: Supernovae: Individual: Alphanumeric: SN 1995K},
     year = 1998,
    month = nov,
   volume = 507,
    pages = {46-63},
      doi = {10.1086/306308},
   adsurl = {http://adsabs.harvard.edu/abs/1998ApJ...507...46S},
  adsnote = {Provided by the SAO/NASA Astrophysics Data System}
}

@ARTICLE{1929PNAS...15..168H,
   author = {{Hubble}, E.},
    title = "{A Relation between Distance and Radial Velocity among Extra-Galactic Nebulae}",
  journal = {Proceedings of the National Academy of Science},
     year = 1929,
    month = mar,
   volume = 15,
    pages = {168-173},
      doi = {10.1073/pnas.15.3.168},
   adsurl = {http://adsabs.harvard.edu/abs/1929PNAS...15..168H},
  adsnote = {Provided by the SAO/NASA Astrophysics Data System}
}

@ARTICLE{2001IJMPD..10..213C,
   author = {{Chevallier}, M. and {Polarski}, D.},
    title = "{Accelerating Universes with Scaling Dark Matter}",
  journal = {International Journal of Modern Physics D},
   eprint = {gr-qc/0009008},
     year = 2001,
   volume = 10,
    pages = {213-223},
      doi = {10.1142/S0218271801000822},
   adsurl = {http://adsabs.harvard.edu/abs/2001IJMPD..10..213C},
  adsnote = {Provided by the SAO/NASA Astrophysics Data System}
}


@ARTICLE{2003PhRvL..90i1301L,
   author = {{Linder}, E.~V.},
    title = "{Exploring the Expansion History of the Universe}",
  journal = {Physical Review Letters},
   eprint = {astro-ph/0208512},
 keywords = {Cosmology, Gravity in more than four dimensions Kaluza-Klein theory unified field theories, alternative theories of gravity},
     year = 2003,
    month = mar,
   volume = 90,
   number = 9,
      eid = {091301},
    pages = {091301},
      doi = {10.1103/PhysRevLett.90.091301},
   adsurl = {http://adsabs.harvard.edu/abs/2003PhRvL..90i1301L},
  adsnote = {Provided by the SAO/NASA Astrophysics Data System}
}



@ARTICLE{2000PhST...85...12T,
   author = {{Tytler}, D. and {O'Meara}, J.~M. and {Suzuki}, N. and {Lubin}, D.
  },
    title = "{Review of Big Bang Nucleosynthesis and Primordial Abundances}",
  journal = {Physica Scripta Volume T},
   eprint = {astro-ph/0001318},
     year = 2000,
   volume = 85,
    pages = {12},
      doi = {10.1238/Physica.Topical.085a00012},
   adsurl = {http://adsabs.harvard.edu/abs/2000PhST...85...12T},
  adsnote = {Provided by the SAO/NASA Astrophysics Data System}
}


@ARTICLE{2006astro.ph..1514F,
   author = {{Fields}, B. and {Sarkar}, S.},
    title = "{Big-Bang nucleosynthesis (Particle Data Group mini-review)}",
  journal = {ArXiv Astrophysics e-prints},
   eprint = {astro-ph/0601514},
 keywords = {Astrophysics},
     year = 2006,
    month = jan,
   adsurl = {http://adsabs.harvard.edu/abs/2006astro.ph..1514F},
  adsnote = {Provided by the SAO/NASA Astrophysics Data System}
}

@ARTICLE{1965ApJ...142..419P,
   author = {{Penzias}, A.~A. and {Wilson}, R.~W.},
    title = "{A Measurement of Excess Antenna Temperature at 4080 Mc/s.}",
  journal = {\apj},
 keywords = {Microwave Background, Cosmic Background Radiation},
     year = 1965,
    month = jul,
   volume = 142,
    pages = {419-421},
      doi = {10.1086/148307},
   adsurl = {http://adsabs.harvard.edu/abs/1965ApJ...142..419P},
  adsnote = {Provided by the SAO/NASA Astrophysics Data System}
}

@ARTICLE{1996ApJ...473..576F,
   author = {{Fixsen}, D.~J. and {Cheng}, E.~S. and {Gales}, J.~M. and {Mather}, J.~C. and 
  {Shafer}, R.~A. and {Wright}, E.~L.},
    title = "{The Cosmic Microwave Background Spectrum from the Full COBE FIRAS Data Set}",
  journal = {\apj},
   eprint = {astro-ph/9605054},
 keywords = {COSMOLOGY: COSMIC MICROWAVE BACKGROUND, COSMOLOGY: OBSERVATIONS},
     year = 1996,
    month = dec,
   volume = 473,
    pages = {576},
      doi = {10.1086/178173},
   adsurl = {http://adsabs.harvard.edu/abs/1996ApJ...473..576F},
  adsnote = {Provided by the SAO/NASA Astrophysics Data System}
}

@INPROCEEDINGS{1999AIPC..476....1S,
   author = {{Smoot}, G.~F.},
    title = "{COBE observations and results}",
 keywords = {Background radiations, Observational cosmology, Astronomical and space-research instrumentation},
booktitle = {3K cosmology},
     year = 1999,
   series = {American Institute of Physics Conference Series},
   volume = 476,
   eprint = {astro-ph/9902027},
   editor = {{Maiani}, L. and {Melchiorri}, F. and {Vittorio}, N.},
    month = may,
    pages = {1-10},
      doi = {10.1063/1.59326},
   adsurl = {http://adsabs.harvard.edu/abs/1999AIPC..476....1S},
  adsnote = {Provided by the SAO/NASA Astrophysics Data System}
}


@ARTICLE{2006PThPS.163..185K,
   author = {{Komatsu}, E.},
    title = "{Recent Results from the Wilkinson Microwave Anisotropy Probe}",
  journal = {Progress of Theoretical Physics Supplement},
     year = 2006,
   volume = 163,
    pages = {185-203},
      doi = {10.1143/PTPS.163.185},
   adsurl = {http://adsabs.harvard.edu/abs/2006PThPS.163..185K},
  adsnote = {Provided by the SAO/NASA Astrophysics Data System}
}


@ARTICLE{2001hep.ph....1119B,
   author = {{Brandenberger}, R.~H.},
    title = "{A Status Review of Inflationary Cosmology}",
  journal = {ArXiv High Energy Physics - Phenomenology e-prints},
   eprint = {hep-ph/0101119},
 keywords = {High Energy Physics - Phenomenology, Astrophysics, General Relativity and Quantum Cosmology, High Energy Physics - Theory},
     year = 2001,
    month = jan,
   adsurl = {http://adsabs.harvard.edu/abs/2001hep.ph....1119B},
  adsnote = {Provided by the SAO/NASA Astrophysics Data System}
}



@ARTICLE{2003hep.ph....4257T,
   author = {{Tsujikawa}, S.},
    title = "{Introductory review of cosmic inflation}",
  journal = {ArXiv High Energy Physics - Phenomenology e-prints},
   eprint = {hep-ph/0304257},
 keywords = {High Energy Physics - Phenomenology, Astrophysics, General Relativity and Quantum Cosmology, High Energy Physics - Theory},
     year = 2003,
    month = apr,
   adsurl = {http://adsabs.harvard.edu/abs/2003hep.ph....4257T},
  adsnote = {Provided by the SAO/NASA Astrophysics Data System}
}


@ARTICLE{2006RvMP...78..537B,
   author = {{Bassett}, B.~A. and {Tsujikawa}, S. and {Wands}, D.},
    title = "{Inflation dynamics and reheating}",
  journal = {Reviews of Modern Physics},
   eprint = {astro-ph/0507632},
 keywords = {Particle-theory and field-theory models of the early Universe},
     year = 2006,
    month = apr,
   volume = 78,
    pages = {537-589},
      doi = {10.1103/RevModPhys.78.537},
   adsurl = {http://adsabs.harvard.edu/abs/2006RvMP...78..537B},
  adsnote = {Provided by the SAO/NASA Astrophysics Data System}
}

@ARTICLE{2012PASA...29..395K,
   author = {{Kroupa}, P.},
    title = "{The Dark Matter Crisis: Falsification of the Current Standard Model of Cosmology}",
  journal = {\pasa},
archivePrefix = "arXiv",
   eprint = {1204.2546},
 keywords = {cosmology: theory, dark energy, dark matter, Galaxy: evolution, galaxies: interactions, Local Group},
     year = 2012,
    month = jun,
   volume = 29,
    pages = {395-433},
      doi = {10.1071/AS12005},
   adsurl = {http://adsabs.harvard.edu/abs/2012PASA...29..395K},
  adsnote = {Provided by the SAO/NASA Astrophysics Data System}
}



@ARTICLE{1939Phy.....6..899S,
   author = {{Schrodinger}, E.},
    title = "{The proper vibrations of the expanding universe}",
  journal = {Physica},
     year = 1939,
    month = jul,
   volume = 6,
    pages = {899-912},
      doi = {10.1016/S0031-8914(39)90091-1},
   adsurl = {http://adsabs.harvard.edu/abs/1939Phy.....6..899S},
  adsnote = {Provided by the SAO/NASA Astrophysics Data System}
}


@ARTICLE{1994FCPh...15..209D,
   author = {{Durrer}, R.},
    title = "{Gauge Invariant Cosmological Perturbation Theory: A General Study and It's Application to the Texture Scenario of Structure Formation}",
  journal = {\fcp},
   eprint = {astro-ph/9311041},
     year = 1994,
   volume = 15,
    pages = {209-339},
   adsurl = {http://adsabs.harvard.edu/abs/1994FCPh...15..209D},
  adsnote = {Provided by the SAO/NASA Astrophysics Data System}
}


%NonLinear - Halofit

@article{Takahashi:2012em,
      author         = "Takahashi, Ryuichi and Sato, Masanori and Nishimichi,
                        Takahiro and Taruya, Atsushi and Oguri, Masamune",
      title          = "{Revising the Halofit Model for the Nonlinear Matter
                        Power Spectrum}",
      year           = "2012",
      eprint         = "1208.2701",
      archivePrefix  = "arXiv",
      primaryClass   = "astro-ph.CO",
      SLACcitation   = "%%CITATION = ARXIV:1208.2701;%%",
}

@Article{Smith:2002dz,
     author    = "Smith, R. E. and others",
 collaboration = "The Virgo Consortium",
     title     = "Stable clustering, the halo model and nonlinear
                  cosmological power spectra",
     journal   = "Mon. Not. Roy. Astron. Soc.",
     volume    = "341",
     year      = "2003",
     pages     = "1311",
     eprint    = "astro-ph/0207664",
     SLACcitation  = "%%CITATION = ASTRO-PH 0207664;%%"
}

@ARTICLE{2014arXiv1407.2600S,
   author = {{Skillman}, S.~W. and {Warren}, M.~S. and {Turk}, M.~J. and 
  {Wechsler}, R.~H. and {Holz}, D.~E. and {Sutter}, P.~M.},
    title = "{Dark Sky Simulations: Early Data Release}",
  journal = {ArXiv e-prints},
archivePrefix = "arXiv",
   eprint = {1407.2600},
 keywords = {Astrophysics - Cosmology and Nongalactic Astrophysics, Astrophysics - Instrumentation and Methods for Astrophysics},
     year = 2014,
    month = jul,
   adsurl = {http://adsabs.harvard.edu/abs/2014arXiv1407.2600S},
  adsnote = {Provided by the SAO/NASA Astrophysics Data System}
}

@ARTICLE{2015arXiv150305920S,
   author = {{Schneider}, A. and {Teyssier}, R. and {Potter}, D. and {Stadel}, J. and 
  {Onions}, J. and {Reed}, D.~S. and {Smith}, R.~E. and {Springel}, V. and 
  {Pearce}, F.~R.},
    title = "{Matter power spectrum and the challenge of percent accuracy}",
  journal = {ArXiv e-prints},
archivePrefix = "arXiv",
   eprint = {1503.05920},
 keywords = {Astrophysics - Cosmology and Nongalactic Astrophysics},
     year = 2015,
    month = mar,
   adsurl = {http://adsabs.harvard.edu/abs/2015arXiv150305920S},
  adsnote = {Provided by the SAO/NASA Astrophysics Data System}
}


@ARTICLE{2014ApJ...780..111H,
   author = {{Heitmann}, K. and {Lawrence}, E. and {Kwan}, J. and {Habib}, S. and 
  {Higdon}, D.},
    title = "{The Coyote Universe Extended: Precision Emulation of the Matter Power Spectrum}",
  journal = {\apj},
archivePrefix = "arXiv",
   eprint = {1304.7849},
 keywords = {large-scale structure of universe, methods: statistical},
     year = 2014,
    month = jan,
   volume = 780,
      eid = {111},
    pages = {111},
      doi = {10.1088/0004-637X/780/1/111},
   adsurl = {http://adsabs.harvard.edu/abs/2014ApJ...780..111H},
  adsnote = {Provided by the SAO/NASA Astrophysics Data System}
}


@ARTICLE{2010ApJ...715..104H,
   author = {{Heitmann}, K. and {White}, M. and {Wagner}, C. and {Habib}, S. and 
  {Higdon}, D.},
    title = "{The Coyote Universe. I. Precision Determination of the Nonlinear Matter Power Spectrum}",
  journal = {\apj},
archivePrefix = "arXiv",
   eprint = {0812.1052},
 keywords = {large-scale structure of universe, methods: numerical},
     year = 2010,
    month = may,
   volume = 715,
    pages = {104-121},
      doi = {10.1088/0004-637X/715/1/104},
   adsurl = {http://adsabs.harvard.edu/abs/2010ApJ...715..104H},
  adsnote = {Provided by the SAO/NASA Astrophysics Data System}
}

@ARTICLE{2009ApJ...705..156H,
   author = {{Heitmann}, K. and {Higdon}, D. and {White}, M. and {Habib}, S. and 
  {Williams}, B.~J. and {Lawrence}, E. and {Wagner}, C.},
    title = "{The Coyote Universe. II. Cosmological Models and Precision Emulation of the Nonlinear Matter Power Spectrum}",
  journal = {\apj},
archivePrefix = "arXiv",
   eprint = {0902.0429},
 primaryClass = "astro-ph.CO",
 keywords = {large-scale structure of universe, methods: statistical},
     year = 2009,
    month = nov,
   volume = 705,
    pages = {156-174},
      doi = {10.1088/0004-637X/705/1/156},
   adsurl = {http://adsabs.harvard.edu/abs/2009ApJ...705..156H},
  adsnote = {Provided by the SAO/NASA Astrophysics Data System}
}

@ARTICLE{2010ApJ...713.1322L,
   author = {{Lawrence}, E. and {Heitmann}, K. and {White}, M. and {Higdon}, D. and 
  {Wagner}, C. and {Habib}, S. and {Williams}, B.},
    title = "{The Coyote Universe. III. Simulation Suite and Precision Emulator for the Nonlinear Matter Power Spectrum}",
  journal = {\apj},
archivePrefix = "arXiv",
   eprint = {0912.4490},
 primaryClass = "astro-ph.CO",
 keywords = {large-scale structure of universe, methods: numerical, methods: statistical},
     year = 2010,
    month = apr,
   volume = 713,
    pages = {1322-1331},
      doi = {10.1088/0004-637X/713/2/1322},
   adsurl = {http://adsabs.harvard.edu/abs/2010ApJ...713.1322L},
  adsnote = {Provided by the SAO/NASA Astrophysics Data System}
}



@ARTICLE{1977ApJ...217..331M,
   author = {{McClelland}, J. and {Silk}, J.},
    title = "{The correlation function for density perturbations in an expanding universe. II - Nonlinear theory}",
  journal = {\apj},
 keywords = {Astronomical Models, Big Bang Cosmology, Correlation, Density Distribution, Perturbation Theory, Functionals, Galactic Evolution, Integral Equations},
     year = 1977,
    month = oct,
   volume = 217,
    pages = {331-352},
      doi = {10.1086/155583},
   adsurl = {http://adsabs.harvard.edu/abs/1977ApJ...217..331M},
  adsnote = {Provided by the SAO/NASA Astrophysics Data System}
}


@ARTICLE{2000ApJ...543..503M,
    author = {{Ma}, C. and {Fry}, J.\ N.},
    title = "Deriving the Nonlinear Cosmological Power Spectrum and Bispectrum from Analytic Dark Matter Halo Profiles and Mass Functions",
    journal = {\apj},
    year = 2000,
    month = nov,
    volume = 543,
    pages = {503--513},
    adsurl = {http://adsabs.harvard.edu/cgi-bin/nph-bib_query?bibcode=2000ApJ...543..503M&db_key=AST},
    adsnote = {Provided by the NASA Astrophysics Data System}
}



@ARTICLE{2000MNRAS.318.1144P,
   author = {{Peacock}, J.~A. and {Smith}, R.~E.},
    title = "{Halo occupation numbers and galaxy bias}",
  journal = {\mnras},
   eprint = {astro-ph/0005010},
 keywords = {GALAXIES: CLUSTERS: GENERAL, COSMOLOGY: THEORY, LARGE-SCALE STRUCTURE OF UNIVERSE},
     year = 2000,
    month = nov,
   volume = 318,
    pages = {1144-1156},
      doi = {10.1046/j.1365-8711.2000.03779.x},
   adsurl = {http://adsabs.harvard.edu/abs/2000MNRAS.318.1144P},
  adsnote = {Provided by the SAO/NASA Astrophysics Data System}
}




@ARTICLE{2000MNRAS.318..203S,
   author = {{Seljak}, U.},
    title = "{Analytic model for galaxy and dark matter clustering}",
  journal = {\mnras},
   eprint = {astro-ph/0001493},
 keywords = {GALAXIES: CLUSTERS: GENERAL, COSMOLOGY: THEORY, DARK MATTER},
     year = 2000,
    month = oct,
   volume = 318,
    pages = {203-213},
      doi = {10.1046/j.1365-8711.2000.03715.x},
   adsurl = {http://adsabs.harvard.edu/abs/2000MNRAS.318..203S},
  adsnote = {Provided by the SAO/NASA Astrophysics Data System}
}



@ARTICLE{2002PhR...372....1C,
   author = {{Cooray}, A. and {Sheth}, R.},
    title = "{Halo models of large scale structure}",
  journal = {\physrep},
   eprint = {astro-ph/0206508},
     year = 2002,
    month = dec,
   volume = 372,
    pages = {1-129},
      doi = {10.1016/S0370-1573(02)00276-4},
   adsurl = {http://adsabs.harvard.edu/abs/2002PhR...372....1C},
  adsnote = {Provided by the SAO/NASA Astrophysics Data System}
}


@ARTICLE{1997ApJ...490..493N,
   author = {{Navarro}, J.~F. and {Frenk}, C.~S. and {White}, S.~D.~M.},
    title = "{A Universal Density Profile from Hierarchical Clustering}",
  journal = {\apj},
   eprint = {astro-ph/9611107},
 keywords = {Cosmology: Theory, Cosmology: Dark Matter, Galaxies: Halos, Methods: Numerical},
     year = 1997,
    month = dec,
   volume = 490,
    pages = {493-508},
   adsurl = {http://adsabs.harvard.edu/abs/1997ApJ...490..493N},
  adsnote = {Provided by the SAO/NASA Astrophysics Data System}
}


@ARTICLE{2011MNRAS.415.3649V,
   author = {{van Daalen}, M.~P. and {Schaye}, J. and {Booth}, C.~M. and 
  {Dalla Vecchia}, C.},
    title = "{The effects of galaxy formation on the matter power spectrum: a challenge for precision cosmology}",
  journal = {\mnras},
archivePrefix = "arXiv",
   eprint = {1104.1174},
 primaryClass = "astro-ph.CO",
 keywords = {gravitational lensing: weak, surveys, galaxies: formation, cosmology: theory, large-scale structure of Universe},
     year = 2011,
    month = aug,
   volume = 415,
    pages = {3649-3665},
      doi = {10.1111/j.1365-2966.2011.18981.x},
   adsurl = {http://adsabs.harvard.edu/abs/2011MNRAS.415.3649V},
  adsnote = {Provided by the SAO/NASA Astrophysics Data System}
}


@ARTICLE{2014MNRAS.440.2997V,
   author = {{van Daalen}, M.~P. and {Schaye}, J. and {McCarthy}, I.~G. and 
  {Booth}, C.~M. and {Dalla Vecchia}, C.},
    title = "{The impact of baryonic processes on the two-point correlation functions of galaxies, subhaloes and matter}",
  journal = {\mnras},
archivePrefix = "arXiv",
   eprint = {1310.7571},
 keywords = {galaxies: formation, cosmology: theory, large-scale structure of Universe},
     year = 2014,
    month = jun,
   volume = 440,
    pages = {2997-3010},
      doi = {10.1093/mnras/stu482},
   adsurl = {http://adsabs.harvard.edu/abs/2014MNRAS.440.2997V},
  adsnote = {Provided by the SAO/NASA Astrophysics Data System}
}


@ARTICLE{2010arXiv1001.0061R,
   author = {{Refregier}, A. and {Amara}, A. and {Kitching}, T.~D. and {Rassat}, A. and 
  {Scaramella}, R. and {Weller}, J. and {Euclid Imaging Consortium}, f.~t.
  },
    title = "{Euclid Imaging Consortium Science Book}",
  journal = {ArXiv e-prints},
archivePrefix = "arXiv",
   eprint = {1001.0061},
 primaryClass = "astro-ph.IM",
 keywords = {Astrophysics - Instrumentation and Methods for Astrophysics, Astrophysics - Cosmology and Extragalactic Astrophysics},
     year = 2010,
    month = jan,
   adsurl = {http://adsabs.harvard.edu/abs/2010arXiv1001.0061R},
  adsnote = {Provided by the SAO/NASA Astrophysics Data System}
}


@ARTICLE{2015MNRAS.446..521S,
   author = {{Schaye}, J. and {Crain}, R.~A. and {Bower}, R.~G. and {Furlong}, M. and 
  {Schaller}, M. and {Theuns}, T. and {Dalla Vecchia}, C. and 
  {Frenk}, C.~S. and {McCarthy}, I.~G. and {Helly}, J.~C. and 
  {Jenkins}, A. and {Rosas-Guevara}, Y.~M. and {White}, S.~D.~M. and 
  {Baes}, M. and {Booth}, C.~M. and {Camps}, P. and {Navarro}, J.~F. and 
  {Qu}, Y. and {Rahmati}, A. and {Sawala}, T. and {Thomas}, P.~A. and 
  {Trayford}, J.},
    title = "{The EAGLE project: simulating the evolution and assembly of galaxies and their environments}",
  journal = {\mnras},
archivePrefix = "arXiv",
   eprint = {1407.7040},
 keywords = {methods: numerical, galaxies: evolution, galaxies: formation, cosmology: theory},
     year = 2015,
    month = jan,
   volume = 446,
    pages = {521-554},
      doi = {10.1093/mnras/stu2058},
   adsurl = {http://adsabs.harvard.edu/abs/2015MNRAS.446..521S},
  adsnote = {Provided by the SAO/NASA Astrophysics Data System}
}

@ARTICLE{1994ApJ...437L...9C,
   author = {{Cen}, R. and {Miralda-Escud{\'e}}, J. and {Ostriker}, J.~P. and 
  {Rauch}, M.},
    title = "{Gravitational collapse of small-scale structure as the origin of the Lyman-alpha forest}",
  journal = {\apjl},
   eprint = {astro-ph/9409017},
 keywords = {Astronomical Models, Cosmology, Gravitational Collapse, Gravitational Lenses, Quasars, Absorption Spectra, Hydrodynamics, Line Spectra, Lyman Alpha Radiation, Photoionization, Red Shift, Signal To Noise Ratios},
     year = 1994,
    month = dec,
   volume = 437,
    pages = {L9-L12},
      doi = {10.1086/187670},
   adsurl = {http://adsabs.harvard.edu/abs/1994ApJ...437L...9C},
  adsnote = {Provided by the SAO/NASA Astrophysics Data System}
}



@ARTICLE{1998MNRAS.297L..49T,
   author = {{Theuns}, T. and {Leonard}, A. and {Efstathiou}, G.},
    title = "{The low-redshift evolution of the Lyman-alpha forest}",
  journal = {\mnras},
   eprint = {astro-ph/9803245},
 keywords = {HYDRODYNAMICS, QUASARS: ABSORPTION LINES, COSMOLOGY: THEORY, LARGE-SCALE STRUCTURE OF UNIVERSE},
     year = 1998,
    month = jun,
   volume = 297,
    pages = {L49-L52},
      doi = {10.1046/j.1365-8711.1998.01740.x},
   adsurl = {http://adsabs.harvard.edu/abs/1998MNRAS.297L..49T},
  adsnote = {Provided by the SAO/NASA Astrophysics Data System}
}


@ARTICLE{1998ApJ...495...44C,
   author = {{Croft}, R.~A.~C. and {Weinberg}, D.~H. and {Katz}, N. and {Hernquist}, L.
  },
    title = "{Recovery of the Power Spectrum of Mass Fluctuations from Observations of the Ly{$\alpha$} Forest}",
  journal = {\apj},
   eprint = {astro-ph/9708018},
 keywords = {GALAXIES: QUASARS: ABSORPTION LINES, GALAXIES: FORMATION, COSMOLOGY: LARGE-SCALE STRUCTURE OF UNIVERSE, COSMOLOGY: THEORY, METHODS: NUMERICAL, Cosmology: Theory, Galaxies: Formation, Cosmology: Large-Scale Structure of Universe, Methods: Numerical, Galaxies: Quasars: Absorption Lines},
     year = 1998,
    month = mar,
   volume = 495,
    pages = {44-62},
      doi = {10.1086/305289},
   adsurl = {http://adsabs.harvard.edu/abs/1998ApJ...495...44C},
  adsnote = {Provided by the SAO/NASA Astrophysics Data System}
}



@ARTICLE{2008MNRAS.390.1349P,
   author = {{Pontzen}, A. and {Governato}, F. and {Pettini}, M. and {Booth}, C.~M. and 
  {Stinson}, G. and {Wadsley}, J. and {Brooks}, A. and {Quinn}, T. and 
  {Haehnelt}, M.},
    title = "{Damped Lyman {$\alpha$} systems in galaxy formation simulations}",
  journal = {\mnras},
archivePrefix = "arXiv",
   eprint = {0804.4474},
 keywords = {methods: numerical , galaxies: formation , quasars: absorption lines},
     year = 2008,
    month = nov,
   volume = 390,
    pages = {1349-1371},
      doi = {10.1111/j.1365-2966.2008.13782.x},
   adsurl = {http://adsabs.harvard.edu/abs/2008MNRAS.390.1349P},
  adsnote = {Provided by the SAO/NASA Astrophysics Data System}
}


@ARTICLE{2011ApJ...743...82M,
   author = {{McQuinn}, M. and {Oh}, S.~P. and {Faucher-Gigu{\`e}re}, C.-A.
  },
    title = "{On Lyman-limit Systems and the Evolution of the Intergalactic Ionizing Background}",
  journal = {\apj},
archivePrefix = "arXiv",
   eprint = {1101.1964},
 primaryClass = "astro-ph.CO",
 keywords = {cosmology: theory, large-scale structure of Universe, quasars: absorption lines},
     year = 2011,
    month = dec,
   volume = 743,
      eid = {82},
    pages = {82},
      doi = {10.1088/0004-637X/743/1/82},
   adsurl = {http://adsabs.harvard.edu/abs/2011ApJ...743...82M},
  adsnote = {Provided by the SAO/NASA Astrophysics Data System}
}


@ARTICLE{2013MNRAS.430.2427R,
   author = {{Rahmati}, A. and {Pawlik}, A.~H. and {Rai}, M. and 
  {Schaye}, J.},
    title = "{On the evolution of the H I column density distribution in cosmological simulations}",
  journal = {\mnras},
archivePrefix = "arXiv",
   eprint = {1210.7808},
 primaryClass = "astro-ph.CO",
 keywords = {radiative transfer, methods: numerical, galaxies: evolution, galaxies: formation, galaxies: high-redshift, intergalactic medium},
     year = 2013,
    month = apr,
   volume = 430,
    pages = {2427-2445},
      doi = {10.1093/mnras/stt066},
   adsurl = {http://adsabs.harvard.edu/abs/2013MNRAS.430.2427R},
  adsnote = {Provided by the SAO/NASA Astrophysics Data System}
}


@ARTICLE{2004ApJ...607..688G,
   author = {{Governato}, F. and {Mayer}, L. and {Wadsley}, J. and {Gardner}, J.~P. and 
  {Willman}, B. and {Hayashi}, E. and {Quinn}, T. and {Stadel}, J. and 
  {Lake}, G.},
    title = "{The Formation of a Realistic Disk Galaxy in {$\Lambda$}-dominated Cosmologies}",
  journal = {\apj},
   eprint = {astro-ph/0207044},
 keywords = {Galaxies: Formation, Hydrodynamics, Methods: n-Body Simulations},
     year = 2004,
    month = jun,
   volume = 607,
    pages = {688-696},
      doi = {10.1086/383516},
   adsurl = {http://adsabs.harvard.edu/abs/2004ApJ...607..688G},
  adsnote = {Provided by the SAO/NASA Astrophysics Data System}
}

@ARTICLE{2011MNRAS.410.1391A,
   author = {{Agertz}, O. and {Teyssier}, R. and {Moore}, B.},
    title = "{The formation of disc galaxies in a {$\Lambda$}CDM universe}",
  journal = {\mnras},
archivePrefix = "arXiv",
   eprint = {1004.0005},
 keywords = {methods: numerical, galaxies: evolution, galaxies: formation, galaxies: haloes, galaxies: spiral},
     year = 2011,
    month = jan,
   volume = 410,
    pages = {1391-1408},
      doi = {10.1111/j.1365-2966.2010.17530.x},
   adsurl = {http://adsabs.harvard.edu/abs/2011MNRAS.410.1391A},
  adsnote = {Provided by the SAO/NASA Astrophysics Data System}
}



@ARTICLE{2011ApJ...742...76G,
   author = {{Guedes}, J. and {Callegari}, S. and {Madau}, P. and {Mayer}, L.
  },
    title = "{Forming Realistic Late-type Spirals in a {$\Lambda$}CDM Universe: The Eris Simulation}",
  journal = {\apj},
archivePrefix = "arXiv",
   eprint = {1103.6030},
 keywords = {galaxies: formation},
     year = 2011,
    month = dec,
   volume = 742,
      eid = {76},
    pages = {76},
      doi = {10.1088/0004-637X/742/2/76},
   adsurl = {http://adsabs.harvard.edu/abs/2011ApJ...742...76G},
  adsnote = {Provided by the SAO/NASA Astrophysics Data System}
}



@ARTICLE{2013MNRAS.436.3031V,
   author = {{Vogelsberger}, M. and {Genel}, S. and {Sijacki}, D. and {Torrey}, P. and 
  {Springel}, V. and {Hernquist}, L.},
    title = "{A model for cosmological simulations of galaxy formation physics}",
  journal = {\mnras},
archivePrefix = "arXiv",
   eprint = {1305.2913},
 keywords = {methods: numerical, cosmology: theory},
     year = 2013,
    month = dec,
   volume = 436,
    pages = {3031-3067},
      doi = {10.1093/mnras/stt1789},
   adsurl = {http://adsabs.harvard.edu/abs/2013MNRAS.436.3031V},
  adsnote = {Provided by the SAO/NASA Astrophysics Data System}
}



@ARTICLE{2014MNRAS.437.1750M,
   author = {{Marinacci}, F. and {Pakmor}, R. and {Springel}, V.},
    title = "{The formation of disc galaxies in high-resolution moving-mesh cosmological simulations}",
  journal = {\mnras},
archivePrefix = "arXiv",
   eprint = {1305.5360},
 keywords = {methods: numerical, galaxies: evolution, galaxies: formation, galaxies: spiral},
     year = 2014,
    month = jan,
   volume = 437,
    pages = {1750-1775},
      doi = {10.1093/mnras/stt2003},
   adsurl = {http://adsabs.harvard.edu/abs/2014MNRAS.437.1750M},
  adsnote = {Provided by the SAO/NASA Astrophysics Data System}
}


@ARTICLE{2012MNRAS.420..829O,
   author = {{Oppenheimer}, B.~D. and {Dav{\'e}}, R. and {Katz}, N. and {Kollmeier}, J.~A. and 
  {Weinberg}, D.~H.},
    title = "{The intergalactic medium over the last 10 billion years - II. Metal-line absorption and physical conditions}",
  journal = {\mnras},
archivePrefix = "arXiv",
   eprint = {1106.1444},
 keywords = {methods: numerical, galaxies: formation, intergalactic medium, quasars: absorption lines, cosmology: theory},
     year = 2012,
    month = feb,
   volume = 420,
    pages = {829-859},
      doi = {10.1111/j.1365-2966.2011.20096.x},
   adsurl = {http://adsabs.harvard.edu/abs/2012MNRAS.420..829O},
  adsnote = {Provided by the SAO/NASA Astrophysics Data System}
}



@ARTICLE{2012MNRAS.425.1270S,
   author = {{Stinson}, G.~S. and {Brook}, C. and {Prochaska}, J.~X. and 
  {Hennawi}, J. and {Shen}, S. and {Wadsley}, J. and {Pontzen}, A. and 
  {Couchman}, H.~M.~P. and {Quinn}, T. and {Macci{\`o}}, A.~V. and 
  {Gibson}, B.~K.},
    title = "{MAGICC haloes: confronting simulations with observations of the circumgalactic medium at z=0}",
  journal = {\mnras},
archivePrefix = "arXiv",
   eprint = {1112.1698},
 primaryClass = "astro-ph.CO",
 keywords = {methods: miscellaneous, galaxies: evolution, intergalactic medium },
     year = 2012,
    month = sep,
   volume = 425,
    pages = {1270-1277},
      doi = {10.1111/j.1365-2966.2012.21522.x},
   adsurl = {http://adsabs.harvard.edu/abs/2012MNRAS.425.1270S},
  adsnote = {Provided by the SAO/NASA Astrophysics Data System}
}

@ARTICLE{2006astro.ph..9591A,
   author = {{Albrecht}, A. and {Bernstein}, G. and {Cahn}, R. and {Freedman}, W.~L. and 
  {Hewitt}, J. and {Hu}, W. and {Huth}, J. and {Kamionkowski}, M. and 
  {Kolb}, E.~W. and {Knox}, L. and {Mather}, J.~C. and {Staggs}, S. and 
  {Suntzeff}, N.~B.},
    title = "{Report of the Dark Energy Task Force}",
  journal = {ArXiv Astrophysics e-prints},
   eprint = {astro-ph/0609591},
 keywords = {Astrophysics},
     year = 2006,
    month = sep,
   adsurl = {http://adsabs.harvard.edu/abs/2006astro.ph..9591A},
  adsnote = {Provided by the SAO/NASA Astrophysics Data System}
}



@INPROCEEDINGS{2014AAS...22325401L,
   author = {{Lotz}, J. and {Mountain}, M. and {Grogin}, N.~A. and {Koekemoer}, A.~M. and 
  {Capak}, P.~L. and {Mack}, J. and {Coe}, D.~A. and {Barker}, E.~A. and 
  {Adler}, D.~S. and {Avila}, R.~J. and {Anderson}, J. and {Casertano}, S. and 
  {Christian}, C.~A. and {Gonzaga}, S. and {Ferguson}, H.~C. and 
  {Fruchter}, A.~S. and {Jenkner}, H. and {Jordan}, I.~J. and 
  {Hammer}, D. and {Hilbert}, B. and {Lawton}, B.~L. and {Lee}, J.~C. and 
  {Lucas}, R.~A. and {MacKenty}, J.~W. and {Mutchler}, M.~J. and 
  {Ogaz}, S. and {Reid}, I.~N. and {Royle}, P. and {Robberto}, M. and 
  {Sembach}, K. and {Smith}, L.~J. and {Sokol}, J. and {Surace}, J.~A. and 
  {Taylor}, D. and {Tumlinson}, J. and {Viana}, A. and {Williams}, R.~E. and 
  {Workman}, W.},
    title = "{The HST Frontier Fields}",
booktitle = {American Astronomical Society Meeting Abstracts 223},
     year = 2014,
   series = {American Astronomical Society Meeting Abstracts},
   volume = 223,
    month = jan,
    pages = {254.01},
   adsurl = {http://adsabs.harvard.edu/abs/2014AAS...22325401L},
  adsnote = {Provided by the SAO/NASA Astrophysics Data System}
}




@ARTICLE{2006MNRAS.367.1209L,
   author = {{Liesenborgs}, J. and {De Rijcke}, S. and {Dejonghe}, H.},
    title = "{A genetic algorithm for the non-parametric inversion of strong lensing systems}",
  journal = {\mnras},
   eprint = {arXiv:astro-ph/0601124},
 keywords = {gravitational lensing, methods: data analysis, galaxies: clusters: general, dark matter},
     year = 2006,
    month = apr,
   volume = 367,
    pages = {1209-1216},
      doi = {10.1111/j.1365-2966.2006.10040.x},
   adsurl = {http://adsabs.harvard.edu/abs/2006MNRAS.367.1209L},
  adsnote = {Provided by the SAO/NASA Astrophysics Data System}
}


@ARTICLE{2007MNRAS.380.1729L,
   author = {{Liesenborgs}, J. and {De Rijcke}, S. and {Dejonghe}, H. and 
             {Bekaert}, P.},
    title = "{Non-parametric inversion of gravitational lensing systems with few images using a multi-objective genetic algorithm}",
  journal = {\mnras},
archivePrefix = "arXiv",
   eprint = {0707.2538},
 keywords = {gravitational lensing, methods: data analysis, galaxies: clusters: general, dark matter},
     year = 2007,
    month = oct,
   volume = 380,
    pages = {1729-1736},
      doi = {10.1111/j.1365-2966.2007.12236.x},
   adsurl = {http://adsabs.harvard.edu/abs/2007MNRAS.380.1729L},
  adsnote = {Provided by the SAO/NASA Astrophysics Data System}
}

@ARTICLE{2008MNRAS.389..415L,
   author = {{Liesenborgs}, J. and {De Rijcke}, S. and {Dejonghe}, H. and 
  {Bekaert}, P.},
    title = "{Non-parametric strong lens inversion of Cl 0024+1654: illustrating the monopole degeneracy}",
  journal = {\mnras},
archivePrefix = "arXiv",
   eprint = {0806.2609},
 keywords = {gravitational lensing , methods: data analysis , galaxies: clusters: individual: Cl 0024+1654 , dark matter},
     year = 2008,
    month = sep,
   volume = 389,
    pages = {415-422},
      doi = {10.1111/j.1365-2966.2008.13586.x},
   adsurl = {http://adsabs.harvard.edu/abs/2008MNRAS.389..415L},
  adsnote = {Provided by the SAO/NASA Astrophysics Data System}
}

@ARTICLE{2009MNRAS.397..341L,
   author = {{Liesenborgs}, J. and {De Rijcke}, S. and {Dejonghe}, H. and 
  {Bekaert}, P.},
    title = "{Non-parametric strong lens inversion of SDSS J1004+4112}",
  journal = {\mnras},
archivePrefix = "arXiv",
   eprint = {0904.2382},
 primaryClass = "astro-ph.CO",
 keywords = {gravitational lensing , methods: data analysis , galaxies: clusters: individual: SDSS J1004+4112 , dark matter},
     year = 2009,
    month = jul,
   volume = 397,
    pages = {341-349},
      doi = {10.1111/j.1365-2966.2009.14912.x},
   adsurl = {http://adsabs.harvard.edu/abs/2009MNRAS.397..341L},
  adsnote = {Provided by the SAO/NASA Astrophysics Data System}
}


@ARTICLE{1995ApJS..101..309C,
   author = {{Charbonneau}, P.},
    title = "{Genetic Algorithms in Astronomy and Astrophysics}",
  journal = {\apjs},
 keywords = {GALAXIES: KINEMATICS AND DYNAMICS, METHODS: NUMERICAL, STARS: MASS LOSS, STARS: OSCILLATIONS},
     year = 1995,
    month = dec,
   volume = 101,
    pages = {309},
      doi = {10.1086/192242},
   adsurl = {http://adsabs.harvard.edu/abs/1995ApJS..101..309C},
  adsnote = {Provided by the SAO/NASA Astrophysics Data System}
}



@MISC{2011ascl.soft02007S,
   author = {{Saha}, P. and {Williams}, L.~L.~R.},
    title = "{PixeLens: A Portable Modeler of Lensed Quasars}",
howpublished = {Astrophysics Source Code Library},
     year = 2011,
    month = feb,
archivePrefix = "ascl",
   eprint = {1102.007},
   adsurl = {http://adsabs.harvard.edu/abs/2011ascl.soft02007S},
  adsnote = {Provided by the SAO/NASA Astrophysics Data System}
}


@MISC{2011ascl.soft02004K,
   author = {{Kneib}, J.-P. and {Bonnet}, H. and {Golse}, G. and {Sand}, D. and 
  {Jullo}, E. and {Marshall}, P.},
    title = "{LENSTOOL: A Gravitational Lensing Software for Modeling Mass Distribution of Galaxies and Clusters (strong and weak regime)}",
howpublished = {Astrophysics Source Code Library},
     year = 2011,
    month = feb,
archivePrefix = "ascl",
   eprint = {1102.004},
   adsurl = {http://adsabs.harvard.edu/abs/2011ascl.soft02004K},
  adsnote = {Provided by the SAO/NASA Astrophysics Data System}
}


@ARTICLE{1999MNRAS.308.1179M,
   author = {{Meiksin}, A. and {White}, M.},
    title = "{The growth of correlations in the matter power spectrum}",
  journal = {\mnras},
   eprint = {astro-ph/9812129},
     year = 1999,
    month = oct,
   volume = 308,
    pages = {1179-1184},
      doi = {10.1046/j.1365-8711.1999.02825.x},
   adsurl = {http://adsabs.harvard.edu/abs/1999MNRAS.308.1179M},
  adsnote = {Provided by the SAO/NASA Astrophysics Data System}
}



@ARTICLE{2000ApJ...537....1W,
   author = {{White}, M. and {Hu}, W.},
    title = "{A New Algorithm for Computing Statistics of Weak Lensing by Large-Scale Structure}",
  journal = {\apj},
   eprint = {astro-ph/9909165},
 keywords = {Cosmology: Theory, Cosmology: Gravitational Lensing, Cosmology: Large-Scale Structure of Universe},
     year = 2000,
    month = jul,
   volume = 537,
    pages = {1-11},
      doi = {10.1086/309009},
   adsurl = {http://adsabs.harvard.edu/abs/2000ApJ...537....1W},
  adsnote = {Provided by the SAO/NASA Astrophysics Data System}
}


@ARTICLE{2007MNRAS.375L...6S,
   author = {{Semboloni}, E. and {van Waerbeke}, L. and {Heymans}, C. and 
  {Hamana}, T. and {Colombi}, S. and {White}, M. and {Mellier}, Y.
  },
    title = "{Cosmic variance of weak lensing surveys in the non-Gaussian regime}",
  journal = {\mnras},
   eprint = {astro-ph/0606648},
 keywords = {gravitational lensing, cosmology: theory, large-scale structure of Universe},
     year = 2007,
    month = feb,
   volume = 375,
    pages = {L6-L10},
      doi = {10.1111/j.1745-3933.2006.00266.x},
   adsurl = {http://adsabs.harvard.edu/abs/2007MNRAS.375L...6S},
  adsnote = {Provided by the SAO/NASA Astrophysics Data System}
}


@ARTICLE{2008ApJ...686L...1L,
   author = {{Lee}, J. and {Pen}, U.-L.},
    title = "{Information Content in the Galaxy Angular Power Spectrum from the Sloan Digital Sky Survey and Its Implication on Weak-Lensing Analysis}",
  journal = {\apjl},
archivePrefix = "arXiv",
   eprint = {0807.1538},
 keywords = {Cosmology: Theory, Cosmology: Large-Scale Structure of Universe, Methods: Statistical},
     year = 2008,
    month = oct,
   volume = 686,
    pages = {L1-L4},
      doi = {10.1086/592820},
   adsurl = {http://adsabs.harvard.edu/abs/2008ApJ...686L...1L},
  adsnote = {Provided by the SAO/NASA Astrophysics Data System}
}



@ARTICLE{2011MNRAS.416.1045K,
   author = {{Kiessling}, A. and {Taylor}, A.~N. and {Heavens}, A.~F.},
    title = "{Simulating the effect of non-linear mode coupling in cosmological parameter estimation}",
  journal = {\mnras},
archivePrefix = "arXiv",
   eprint = {1103.3245},
 keywords = {gravitational lensing: weak, methods: numerical, methods: statistical, large-scale structure of Universe},
     year = 2011,
    month = sep,
   volume = 416,
    pages = {1045-1055},
      doi = {10.1111/j.1365-2966.2011.19108.x},
   adsurl = {http://adsabs.harvard.edu/abs/2011MNRAS.416.1045K},
  adsnote = {Provided by the SAO/NASA Astrophysics Data System}
}


@ARTICLE{2013MNRAS.432.1928T,
   author = {{Taylor}, A. and {Joachimi}, B. and {Kitching}, T.},
    title = "{Putting the precision in precision cosmology: How accurate should your data covariance matrix be?}",
  journal = {\mnras},
archivePrefix = "arXiv",
   eprint = {1212.4359},
 keywords = {methods: statistical, cosmological parameters, cosmology: theory, large-scale structure of Universe},
     year = 2013,
    month = jul,
   volume = 432,
    pages = {1928-1946},
      doi = {10.1093/mnras/stt270},
   adsurl = {http://adsabs.harvard.edu/abs/2013MNRAS.432.1928T},
  adsnote = {Provided by the SAO/NASA Astrophysics Data System}
}

@ARTICLE{2009ApJ...700..479T,
   author = {{Takahashi}, R. and {Yoshida}, N. and {Takada}, M. and {Matsubara}, T. and 
  {Sugiyama}, N. and {Kayo}, I. and {Nishizawa}, A.~J. and {Nishimichi}, T. and 
  {Saito}, S. and {Taruya}, A.},
    title = "{Simulations of Baryon Acoustic Oscillations. II. Covariance Matrix of the Matter Power Spectrum}",
  journal = {\apj},
archivePrefix = "arXiv",
   eprint = {0902.0371},
 primaryClass = "astro-ph.CO",
 keywords = {large-scale structure of universe, cosmology: theory},
     year = 2009,
    month = jul,
   volume = 700,
    pages = {479-490},
      doi = {10.1088/0004-637X/700/1/479},
   adsurl = {http://adsabs.harvard.edu/abs/2009ApJ...700..479T},
  adsnote = {Provided by the SAO/NASA Astrophysics Data System}
}

@ARTICLE{2015MNRAS.446.1756B,
   author = {{Blot}, L. and {Corasaniti}, P.~S. and {Alimi}, J.-M. and {Reverdy}, V. and 
  {Rasera}, Y.},
    title = "{Matter power spectrum covariance matrix from the DEUS-PUR {$\Lambda$}CDM simulations: mass resolution and non-Gaussian errors}",
  journal = {\mnras},
archivePrefix = "arXiv",
   eprint = {1406.2713},
 keywords = {Methods: numerical, dark matter},
     year = 2015,
    month = jan,
   volume = 446,
    pages = {1756-1764},
      doi = {10.1093/mnras/stu2190},
   adsurl = {http://adsabs.harvard.edu/abs/2015MNRAS.446.1756B},
  adsnote = {Provided by the SAO/NASA Astrophysics Data System}
}



@ARTICLE{2014PhRvD..90j3530L,
   author = {{Li}, Y. and {Hu}, W. and {Takada}, M.},
    title = "{Super-sample signal}",
  journal = {\prd},
archivePrefix = "arXiv",
   eprint = {1408.1081},
 keywords = {Cosmology, Dark energy, Observation and data reduction techniques, computer modeling and simulation, Superclusters, large-scale structure of the Universe},
     year = 2014,
    month = nov,
   volume = 90,
   number = 10,
      eid = {103530},
    pages = {103530},
      doi = {10.1103/PhysRevD.90.103530},
   adsurl = {http://adsabs.harvard.edu/abs/2014PhRvD..90j3530L},
  adsnote = {Provided by the SAO/NASA Astrophysics Data System}
}

@ARTICLE{2006MNRAS.371.1188H,
   author = {{Hamilton}, A.~J.~S. and {Rimes}, C.~D. and {Scoccimarro}, R.
  },
    title = "{On measuring the covariance matrix of the non-linear power spectrum from simulations}",
  journal = {\mnras},
   eprint = {astro-ph/0511416},
 keywords = {methods: data analysis: large-scale structure of Universe, methods: data analysis, large-scale structure of Universe},
     year = 2006,
    month = sep,
   volume = 371,
    pages = {1188-1204},
      doi = {10.1111/j.1365-2966.2006.10709.x},
   adsurl = {http://adsabs.harvard.edu/abs/2006MNRAS.371.1188H},
  adsnote = {Provided by the SAO/NASA Astrophysics Data System}
}

@ARTICLE{2013PhRvD..87l3504T,
   author = {{Takada}, M. and {Hu}, W.},
    title = "{Power spectrum super-sample covariance}",
  journal = {\prd},
archivePrefix = "arXiv",
   eprint = {1302.6994},
 primaryClass = "astro-ph.CO",
 keywords = {Cosmology, Dark energy, Superclusters, large-scale structure of the Universe},
     year = 2013,
    month = jun,
   volume = 87,
   number = 12,
      eid = {123504},
    pages = {123504},
      doi = {10.1103/PhysRevD.87.123504},
   adsurl = {http://adsabs.harvard.edu/abs/2013PhRvD..87l3504T},
  adsnote = {Provided by the SAO/NASA Astrophysics Data System}
}


@ARTICLE{2009MNRAS.395.2065T,
   author = {{Takada}, M. and {Jain}, B.},
    title = "{The impact of non-Gaussian errors on weak lensing surveys}",
  journal = {\mnras},
archivePrefix = "arXiv",
   eprint = {0810.4170},
 keywords = {gravitational lensing , cosmology: theory , large-scale structure of universe},
     year = 2009,
    month = jun,
   volume = 395,
    pages = {2065-2086},
      doi = {10.1111/j.1365-2966.2009.14504.x},
   adsurl = {http://adsabs.harvard.edu/abs/2009MNRAS.395.2065T},
  adsnote = {Provided by the SAO/NASA Astrophysics Data System}
}


@INPROCEEDINGS{2004tomu.conf..231R,
   author = {{Refsdal}, S.},
    title = "{Determination of H$_{0}$ and the Mass Distribution in the Lensing Galaxy from the Time Delay Effect}",
booktitle = {Thinking, Observing and Mining the Universe},
     year = 2004,
   editor = {{Miele}, G. and {Longo}, G.},
    pages = {231-235},
      doi = {10.1142/9789812702999_0027},
   adsurl = {http://adsabs.harvard.edu/abs/2004tomu.conf..231R},
  adsnote = {Provided by the SAO/NASA Astrophysics Data System}
}

@ARTICLE{1999ApJ...522L..21H,
   author = {{Hu}, W.},
    title = "{Power Spectrum Tomography with Weak Lensing}",
  journal = {\apjl},
   eprint = {astro-ph/9904153},
 keywords = {COSMOLOGY: THEORY, COSMOLOGY: GRAVITATIONAL LENSING, COSMOLOGY: LARGE-SCALE STRUCTURE OF UNIVERSE, Cosmology: Theory, Cosmology: Gravitational Lensing, Cosmology: Large-Scale Structure of Universe},
     year = 1999,
    month = sep,
   volume = 522,
    pages = {L21-L24},
      doi = {10.1086/312210},
   adsurl = {http://adsabs.harvard.edu/abs/1999ApJ...522L..21H},
  adsnote = {Provided by the SAO/NASA Astrophysics Data System}
}
@ARTICLE{2004MNRAS.348..897T,
   author = {{Takada}, M. and {Jain}, B.},
    title = "{Cosmological parameters from lensing power spectrum and bispectrum tomography}",
  journal = {\mnras},
   eprint = {astro-ph/0310125},
 keywords = {gravitational lensing, cosmology: theory, dark matter, large-scale structure of Universe},
     year = 2004,
    month = mar,
   volume = 348,
    pages = {897-915},
      doi = {10.1111/j.1365-2966.2004.07410.x},
   adsurl = {http://adsabs.harvard.edu/abs/2004MNRAS.348..897T},
  adsnote = {Provided by the SAO/NASA Astrophysics Data System}
}


@ARTICLE{2013LRR....16....6A,
   author = {{Amendola}, L. and {Appleby}, S. and {Bacon}, D. and {Baker}, T. and 
  {Baldi}, M. and {Bartolo}, N. and {Blanchard}, A. and {Bonvin}, C. and 
  {Borgani}, S. and {Branchini}, E. and {Burrage}, C. and {Camera}, S. and 
  {Carbone}, C. and {Casarini}, L. and {Cropper}, M. and {de Rham}, C. and 
  {Di Porto}, C. and {Ealet}, A. and {Ferreira}, P.~G. and {Finelli}, F. and 
  {Garc{\'{\i}}a-Bellido}, J. and {Giannantonio}, T. and {Guzzo}, L. and 
  {Heavens}, A. and {Heisenberg}, L. and {Heymans}, C. and {Hoekstra}, H. and 
  {Hollenstein}, L. and {Holmes}, R. and {Horst}, O. and {Jahnke}, K. and 
  {Kitching}, T.~D. and {Koivisto}, T. and {Kunz}, M. and {La Vacca}, G. and 
  {March}, M. and {Majerotto}, E. and {Markovic}, K. and {Marsh}, D. and 
  {Marulli}, F. and {Massey}, R. and {Mellier}, Y. and {Mota}, D.~F. and 
  {Nunes}, N. and {Percival}, W. and {Pettorino}, V. and {Porciani}, C. and 
  {Quercellini}, C. and {Read}, J. and {Rinaldi}, M. and {Sapone}, D. and 
  {Scaramella}, R. and {Skordis}, C. and {Simpson}, F. and {Taylor}, A. and 
  {Thomas}, S. and {Trotta}, R. and {Verde}, L. and {Vernizzi}, F. and 
  {Vollmer}, A. and {Wang}, Y. and {Weller}, J. and {Zlosnik}, T.
  },
    title = "{Cosmology and Fundamental Physics with the Euclid Satellite}",
  journal = {Living Reviews in Relativity},
archivePrefix = "arXiv",
   eprint = {1206.1225},
 keywords = {Astrophysics: Cosmology and Extragalactic Astrophysics, General Relativity and Quantum Cosmology, High Energy Physics: Phenomenology, cosmology, dark energy, galaxy evolution  },
     year = 2013,
    month = sep,
   volume = 16,
    pages = {6},
      doi = {10.12942/lrr-2013-6},
   adsurl = {http://adsabs.harvard.edu/abs/2013LRR....16....6A},
  adsnote = {Provided by the SAO/NASA Astrophysics Data System}
}


@ARTICLE{2009arXiv0912.0201L,
   author = {{LSST Science Collaboration} and {Abell}, P.~A. and {Allison}, J. and 
  {Anderson}, S.~F. and {Andrew}, J.~R. and {Angel}, J.~R.~P. and 
  {Armus}, L. and {Arnett}, D. and {Asztalos}, S.~J. and {Axelrod}, T.~S. and et al.},
    title = "{LSST Science Book, Version 2.0}",
  journal = {ArXiv e-prints},
archivePrefix = "arXiv",
   eprint = {0912.0201},
 primaryClass = "astro-ph.IM",
 keywords = {Astrophysics - Instrumentation and Methods for Astrophysics, Astrophysics - Cosmology and Extragalactic Astrophysics, Astrophysics - Earth and Planetary Astrophysics, Astrophysics - Galaxy Astrophysics, Astrophysics - Solar and Stellar Astrophysics},
     year = 2009,
    month = dec,
   adsurl = {http://adsabs.harvard.edu/abs/2009arXiv0912.0201L},
  adsnote = {Provided by the SAO/NASA Astrophysics Data System}
}

